@inproceedings{biham1997fast,
  title={A fast new DES implementation in software},
  author={Biham, Eli},
  booktitle={International Workshop on Fast Software Encryption},
  pages={260--272},
  year={1997},
  organization={Springer}
}

@Misc{kwan1998bitslice,
  Author = "Matthew Kwan",
  Title  = "\emph{Bitslice DES}",
  Note   = "\url{http://www.darkside.com.au/bitslice/}
           [Accessed: 2018-10-09]",
  year = 1998,
}

@Misc{wiki2018transform,
  Author = "Wikipedia",
  Title  =  "Fast Walsh–Hadamard transform",
  Note   = "\url{https://en.wikipedia.org/wiki/Fast_Walsh–Hadamard_transform}
           [Accessed: 2018-10-15]",
  year = 2018,
}

https://timtaubert.de/blog/2018/08/bitslicing-an-introduction/
@Misc{tabert2018bitslicing,
	Author 	= "Tim Taubert",
	title 	= "Bitslicing, an introduction - Data Orthogonalization for Cryptography",
	Note 	= "\url{https://timtaubert.de/blog/2018/08/bitslicing-an-introduction/}",
	year = 2018	}

@article{boothby2009bitslicing,
  title={Bitslicing and the Method of Four Russians over larger finite fields},
  author={Boothby, Tomas J and Bradshaw, Robert W},
  journal={arXiv preprint arXiv:0901.1413},
  year={2009}
}

@manual{cortexm4datasheet,
    organization  = "ARM",
    title         = "Cortex-M4 Devices - Generic User Guide",
    number        = "ARM DUI 0553A (ID121610)",
    year          =  2010
}

@book{back1996evolutionary,
  title={Evolutionary algorithms in theory and practice: evolution strategies, evolutionary programming, genetic algorithms},
  author={Back, Thomas},
  year={1996},
  publisher={Oxford university press}
}

@article{deap2012jmlr, 
    author    = " F\'elix-Antoine Fortin and Fran\c{c}ois-Michel {De Rainville} and Marc-Andr\'e Gardner and Marc Parizeau and Christian Gagn\'e ",
    title     = { {DEAP}: Evolutionary Algorithms Made Easy },
    pages    = { 2171--2175 },
    volume    = { 13 },
    month     = { jul },
    year      = { 2012 },
    journal   = { Journal of Machine Learning Research }
}
